[gd_scene load_steps=3 format=2]

[ext_resource path="res://img_resource/ui/map_entrance.png" type="Texture" id=1]
[ext_resource path="res://img_resource/ui/start.png" type="Texture" id=2]

[node name="Node2D" type="Node2D"]

[node name="mission" type="Sprite" parent="."]
position = Vector2( 109.962, 86.7738 )
rotation = 4.71239
z_index = -1
texture = ExtResource( 1 )
region_enabled = true
region_rect = Rect2( 102, 651.732, 74, 87 )

[node name="Star1" type="Sprite" parent="mission"]
position = Vector2( -22.0016, 25.5769 )
rotation = 1.27409
scale = Vector2( 0.36, 0.36 )
z_index = 1
texture = ExtResource( 1 )
region_enabled = true
region_rect = Rect2( 438, 222.056, 72, 70 )

[node name="Star2" type="Sprite" parent="mission"]
position = Vector2( -26.2945, -0.266098 )
rotation = 1.5708
scale = Vector2( 0.36, 0.36 )
z_index = 1
texture = ExtResource( 1 )
region_enabled = true
region_rect = Rect2( 438, 222.056, 72, 70 )

[node name="Star3" type="Sprite" parent="mission"]
position = Vector2( -23.124, -25.8996 )
rotation = 1.79769
scale = Vector2( 0.36, 0.36 )
z_index = 1
texture = ExtResource( 1 )
region_enabled = true
region_rect = Rect2( 438, 222.056, 72, 70 )

[node name="R_Wing" type="Sprite" parent="mission"]
position = Vector2( -1.44318, 43.2451 )
rotation = 1.5708
scale = Vector2( 0.479812, 0.479812 )
texture = ExtResource( 2 )
region_enabled = true
region_rect = Rect2( 692.011, 138.336, 67.9885, 74.05 )

[node name="L_Wing" type="Sprite" parent="mission"]
position = Vector2( -1.93088, -42.5855 )
rotation = 1.5708
scale = Vector2( 0.479812, 0.479812 )
texture = ExtResource( 2 )
flip_h = true
region_enabled = true
region_rect = Rect2( 692.011, 138.336, 67.9885, 74.05 )

[node name="mission2" type="Sprite" parent="."]
position = Vector2( 245.48, 86.9398 )
scale = Vector2( 1.21311, 1.21311 )
z_index = -1
texture = ExtResource( 1 )
region_enabled = true
region_rect = Rect2( 276.028, 745.93, 71.5, 60 )

[node name="mission3" type="Sprite" parent="."]
editor/display_folded = true
position = Vector2( 112.683, 201.981 )
rotation = 4.71239
z_index = -1
texture = ExtResource( 1 )
region_enabled = true
region_rect = Rect2( 102, 651.732, 74, 87 )

[node name="Star" type="Sprite" parent="mission3"]
position = Vector2( -26.2945, -0.266098 )
rotation = 1.5708
scale = Vector2( 0.36, 0.36 )
z_index = 1
texture = ExtResource( 1 )
region_enabled = true
region_rect = Rect2( 438, 222.056, 72, 70 )

[node name="mission4" type="Sprite" parent="."]
editor/display_folded = true
position = Vector2( 242.829, 198.429 )
rotation = 4.71239
z_index = -1
texture = ExtResource( 1 )
region_enabled = true
region_rect = Rect2( 102, 651.732, 74, 87 )

[node name="Star1" type="Sprite" parent="mission4"]
position = Vector2( -25.9737, 13.2633 )
rotation = 1.48353
scale = Vector2( 0.36, 0.36 )
z_index = 1
texture = ExtResource( 1 )
region_enabled = true
region_rect = Rect2( 438, 222.056, 72, 70 )

[node name="Star2" type="Sprite" parent="mission4"]
position = Vector2( -25.5001, -12.5797 )
rotation = 1.65806
scale = Vector2( 0.36, 0.36 )
z_index = 1
texture = ExtResource( 1 )
region_enabled = true
region_rect = Rect2( 438, 222.056, 72, 70 )
