[gd_scene load_steps=3 format=2]

[ext_resource path="res://NPC.gd" type="Script" id=1]
[ext_resource path="res://img_resource/NPC/blackwoman.png" type="Texture" id=2]

[node name="NPC" type="Node2D"]
scale = Vector2( 1.5, 1.5 )
z_index = -1
script = ExtResource( 1 )

[node name="hip" type="Sprite" parent="."]
position = Vector2( 0.881029, 56.5223 )
rotation = -0.0169508
z_index = -5
texture = ExtResource( 2 )
region_enabled = true
region_rect = Rect2( 362.852, 195.407, 78.4197, 73.679 )

[node name="r_lek" type="Sprite" parent="hip"]
position = Vector2( -16.8456, 22.8968 )
rotation = 1.67595
z_index = -1
texture = ExtResource( 2 )
offset = Vector2( 26.3296, -0.354305 )
region_enabled = true
region_rect = Rect2( 200.068, 162.333, 87.4074, 34.963 )

[node name="l_lek" type="Sprite" parent="hip"]
position = Vector2( 8.12623, 24.8156 )
rotation = 1.48464
z_index = -1
texture = ExtResource( 2 )
offset = Vector2( 23.783, -0.801805 )
region_enabled = true
region_rect = Rect2( 0.765789, 4.4321, 85.3333, 33.3827 )

[node name="body" type="Sprite" parent="hip"]
position = Vector2( 0.0701215, -56.1145 )
rotation = 0.0169508
texture = ExtResource( 2 )
region_enabled = true
region_rect = Rect2( 135.708, 165.705, 65.1852, 103.111 )

[node name="face" type="Sprite" parent="hip/body"]
position = Vector2( 3.31533, -40.9853 )
z_index = 1
texture = ExtResource( 2 )
offset = Vector2( -4.25919, -26.4831 )
region_enabled = true
region_rect = Rect2( 201.683, 197.31, 71.3086, 72.0988 )

[node name="face3" type="Sprite" parent="hip/body"]
visible = false
position = Vector2( 5.17977, -41.3179 )
z_index = 1
texture = ExtResource( 2 )
offset = Vector2( -6.24558, -28.0204 )
region_enabled = true
region_rect = Rect2( 193.593, 70.0988, 72.8889, 70.716 )

[node name="face2" type="Sprite" parent="hip/body"]
visible = false
position = Vector2( 4.89005, -40.8833 )
z_index = 1
texture = ExtResource( 2 )
offset = Vector2( -5.55672, -28.45 )
region_enabled = true
region_rect = Rect2( 364.001, 125.494, 72.8889, 70.5185 )

[node name="r_arme" type="Sprite" parent="hip/body"]
editor/display_folded = true
position = Vector2( -13.8095, -24.2174 )
rotation = 1.55907
z_index = -1
texture = ExtResource( 2 )
offset = Vector2( 21.2712, 8.65236 )
region_enabled = true
region_rect = Rect2( 136.745, 133.424, 57.0206, 33.3169 )

[node name="r_arme2" type="Sprite" parent="hip/body/r_arme"]
position = Vector2( 46.2753, 17.7001 )
rotation = -0.187476
texture = ExtResource( 2 )
offset = Vector2( 14.5868, 5.14339 )
region_enabled = true
region_rect = Rect2( 343.778, 5.33333, 52.4445, 28.8889 )

[node name="r_arme3" type="Sprite" parent="hip/body/r_arme/r_arme2"]
position = Vector2( 36.8785, 13.8009 )
rotation = -0.436066
texture = ExtResource( 2 )
offset = Vector2( 8.83539, 7.23138 )
region_enabled = true
region_rect = Rect2( 407.447, 30.0576, 28.4445, 26.7325 )

[node name="l_arme" type="Sprite" parent="hip/body"]
editor/display_folded = true
position = Vector2( 23.3035, -18.6974 )
rotation = 1.52107
z_index = 1
texture = ExtResource( 2 )
offset = Vector2( 21.9755, -3.0724 )
region_enabled = true
region_rect = Rect2( 346.657, 32.4001, 60.642, 24.8889 )

[node name="l_arme2" type="Sprite" parent="hip/body/l_arme"]
position = Vector2( 43.5435, -6.84065 )
rotation = 0.552876
z_index = -1
texture = ExtResource( 2 )
offset = Vector2( 16.1207, -2.61796 )
region_enabled = true
region_rect = Rect2( 134.072, 111.711, 52.8889, 21.5309 )

[node name="l_arme3" type="Sprite" parent="hip/body/l_arme/l_arme2"]
position = Vector2( 39.9122, -9.17843 )
rotation = -1.04499
texture = ExtResource( 2 )
offset = Vector2( 6.57703, 11.5432 )
region_enabled = true
region_rect = Rect2( 163.704, 78.0576, 24.8889, 35.2922 )

[node name="hair" type="Sprite" parent="hip/body"]
position = Vector2( -0.416382, -74.9853 )
z_index = -2
texture = ExtResource( 2 )
region_enabled = true
region_rect = Rect2( 0.703705, 38.0741, 132.741, 89.8765 )

[node name="Timer" type="Timer" parent="."]
autostart = true
[connection signal="timeout" from="Timer" to="." method="_on_Timer_timeout"]
